Quarter,Revenue,Cost_of_Revenue,Gross_Profit,Operating_Expenses,EBITDA,Net_Income,Cash,Total_Assets,Total_Liabilities,Equity,Monthly_Active_Users,Paying_Customers,Customer_Acquisition_Cost,Lifetime_Value,Churn_Rate
Q1_2023,125000,35000,90000,150000,-60000,-75000,800000,1200000,400000,800000,1500,45,850,3200,8.5
Q2_2023,185000,48000,137000,165000,-28000,-42000,950000,1350000,420000,930000,2200,78,780,3400,7.2
Q3_2023,265000,68000,197000,180000,17000,-5000,1100000,1500000,450000,1050000,3100,125,720,3600,6.8
Q4_2023,380000,95000,285000,195000,90000,45000,1400000,1750000,480000,1270000,4500,198,680,3800,5.9
Q1_2024,520000,125000,395000,210000,185000,120000,1850000,2100000,510000,1590000,6200,312,650,4000,5.2
Q2_2024,715000,165000,550000,225000,325000,215000,2400000,2600000,540000,2060000,8500,465,620,4200,4.8
Q3_2024,980000,220000,760000,240000,520000,380000,3200000,3300000,570000,2730000,11500,658,590,4400,4.3
Q4_2024,1350000,295000,1055000,260000,795000,610000,4500000,4200000,600000,3600000,15200,892,560,4600,3.9
